<collection xmlns="http://www.loc.gov/MARC21/slim">
<record>
  <leader>00769nam0a22002051i 450 </leader>
  <controlfield tag="001">IT\ICCU\CNCE\034667</controlfield>
  <controlfield tag="005">20180212000000.0</controlfield>
  <datafield tag="100" ind1=" " ind2=" ">
    <subfield code="a">19980107d1589        0itac0103    ba</subfield>
  </datafield>
  <datafield tag="101" ind1=" " ind2=" ">
    <subfield code="a">ITA</subfield>
  </datafield>
  <datafield tag="102" ind1=" " ind2=" ">
    <subfield code="a">IT</subfield>
  </datafield>
  <datafield tag="200" ind1="1" ind2=" ">
    <subfield code="a">Interrogatorio della dottrina cristiana ristampato a Milano per ordine del cardinal Borromeo nel 1569, e di nuouo ristampato</subfield>
  </datafield>
  <datafield tag="210" ind1=" " ind2=" ">
    <subfield code="a">Trino</subfield>
    <subfield code="c">Bernardo Grasso</subfield>
    <subfield code="d">1589</subfield>
  </datafield>
  <datafield tag="215" ind1=" " ind2=" ">
    <subfield code="a">8ʻ</subfield>
  </datafield>
  <datafield tag="620" ind1=" " ind2=" ">
    <subfield code="a">IT</subfield>
    <subfield code="d">Trino</subfield>
  </datafield>
  <datafield tag="710" ind1="0" ind2="2">
    <subfield code="a">Milano</subfield>
    <subfield code="c"> &lt;Arcidiocesi&gt;</subfield>
    <subfield code="3">7106</subfield>
  </datafield>
  <datafield tag="702" ind1=" " ind2="0">
    <subfield code="a">Carlo</subfield>
    <subfield code="c"> : Borromeo</subfield>
    <subfield code="c"> &lt;santo&gt;</subfield>
    <subfield code="3">IT\ICCU\CNCA\000179</subfield>
  </datafield>
  <datafield tag="712" ind1="0" ind2="0">
    <subfield code="a">Grasso, Bernardo</subfield>
    <subfield code="3">IT\ICCU\CNCT\000945</subfield>
    <subfield code="4">650</subfield>
  </datafield>
  <datafield tag="790" ind1=" " ind2="1">
    <subfield code="a">Borromeo,</subfield>
    <subfield code="b">Carlo</subfield>
    <subfield code="3">IT\ICCU\CNCA\008182</subfield>
    <subfield code="z">Carlo : Borromeo &lt;santo&gt;</subfield>
  </datafield>
  <datafield tag="791" ind1="0" ind2="0">
    <subfield code="a">Crassus, Bernardus</subfield>
    <subfield code="3">IT\ICCU\CNCT\003880</subfield>
    <subfield code="z">Grasso, Bernardo</subfield>
  </datafield>
  <datafield tag="801" ind1=" " ind2="3">
    <subfield code="a">IT</subfield>
    <subfield code="b">ICCU</subfield>
    <subfield code="c">20201114</subfield>
  </datafield>
</record>
</collection>
